@software{cf_repo,
	author = {The ColumnFlow Team},
	title = {The ColumnFlow project},
	year = {2024},
	publisher = {GitHub},
	journal = {GitHub repository},
	url = {https://github.com/columnflow/columnflow},
	version = {3b8e0f3},
	note = {Documentation available at \url{https://columnflow.readthedocs.io/en/latest/}}
}
@software{cmsdb,
	author = {The ColumnFlow Team},
	title = {CMS database},
	year = {2022},
	publisher = {GitHub},
	journal = {GitHub repository},
	url = {https://github.com/uhh-cms/cmsdb}
}
@software{order,
	author = {Rieger, Marcel},
	title = {The order project},
	year = {2024},
	publisher = {GitHub},
	journal = {GitHub repository},
	url = {https://github.com/riga/order},
	version={6651670},
	note = {Documentation available at \url{https://python-order.readthedocs.io/en/latest/}}
}

@published{h4l_analysis,
	title = {Measurements of production cross sections of the Higgs boson in the four-lepton final state in protonâ€“proton collisions at $\sqrt{s} = 13\, \text{TeV}$},
	volume = {81},
	ISSN = {1434-6052},
	url = {http://dx.doi.org/10.1140/epjc/s10052-021-09200-x},
	DOI = {10.1140/epjc/s10052-021-09200-x},
	number = {6},
	journal = {The European Physical Journal C},
	publisher = {Springer Science and Business Media LLC},
	author = {The CMS Collaboration},
	year = {2021},
	month = jun
}

@article{combine,
    author = "Hayrapetyan, Aram and others",
    collaboration = "CMS",
    title = "{The CMS Statistical Analysis and Combination Tool: COMBINE}",
    eprint = "2404.06614",
    archivePrefix = "arXiv",
    primaryClass = "physics.data-an",
    reportNumber = "CMS-CAT-23-001, CERN-EP-2024-078",
    month = "4",
    year = "2024"
}

@software{law,
	author       = {Rieger, Marcel and
	Yannik Rath and
	Dennis Noll and
	Lukas Geiger and
	Peter Fackeldey and
	Erik G. and
	Jaime Leon Holgado and
	Louis Moureaux and
	Maximilian Horzela and
	Florian von Cube and
	frengelk and
	Valentin Iovene and
	TimVoigtlaender and
	Sebastian Brommer and
	Michael Eliachevitch and
	Matthias Schnepf and
	Ethan Marx and
	Daniel Savoiu and
	Cedric Verstege and
	Bruno P. Kinoshita},
	title        = {law - luigi analysis workflow},
	month        = oct,
	year         = 2024,
	publisher    = {Zenodo},
	version      = {v0.1.19},
	doi          = {10.5281/zenodo.13952360},
	url          = {https://law.readthedocs.io/en/latest/}
}